<?xml version="1.0" encoding="UTF-8"?>
<record>
  <leader>01121cam a2200325 cb4500</leader>
  <controlfield tag="003">DE-605</controlfield>
  <controlfield tag="007">tu</controlfield>
  <controlfield tag="008">250220s2024    gw ||||| |||||||||| ger c</controlfield>
  <controlfield tag="005">20250220113940.0</controlfield>
  <controlfield tag="001">99375370343606441</controlfield>
  <datafield tag="040" ind1=" " ind2=" ">
    <subfield code="a">DE-929</subfield>
    <subfield code="b">ger</subfield>
    <subfield code="c">DE-929</subfield>
    <subfield code="d">DE-929</subfield>
    <subfield code="e">rda</subfield>
  </datafield>
  <datafield tag="041" ind1=" " ind2=" ">
    <subfield code="a">ger</subfield>
  </datafield>
  <datafield tag="044" ind1=" " ind2=" ">
    <subfield code="c">XA-DE</subfield>
  </datafield>
  <datafield tag="084" ind1=" " ind2=" ">
    <subfield code="a">330</subfield>
  </datafield>
  <datafield tag="084" ind1=" " ind2=" ">
    <subfield code="a">710</subfield>
  </datafield>
  <datafield tag="245" ind1="0" ind2="0">
    <subfield code="a">Erkrather Orte, die Geschichte schrieben</subfield>
    <subfield code="c">zusammengestellt und bearbeitet von Winfried Steiling, Karl-Heinz Kieckers, Horst-Ulrich Osmann</subfield>
  </datafield>
  <datafield tag="250" ind1=" " ind2=" ">
    <subfield code="a">3. Auflage</subfield>
  </datafield>
  <datafield tag="264" ind1=" " ind2="1">
    <subfield code="a">Erkrath</subfield>
    <subfield code="b">Bergischer Geschichtsverein Erkrath</subfield>
    <subfield code="c">2024</subfield>
  </datafield>
  <datafield tag="300" ind1=" " ind2=" ">
    <subfield code="a">122 Seiten</subfield>
    <subfield code="b">Illustrationen, Karten</subfield>
  </datafield>
  <datafield tag="336" ind1=" " ind2=" ">
    <subfield code="b">txt</subfield>
  </datafield>
  <datafield tag="337" ind1=" " ind2=" ">
    <subfield code="b">n</subfield>
  </datafield>
  <datafield tag="338" ind1=" " ind2=" ">
    <subfield code="b">nc</subfield>
  </datafield>
  <datafield tag="490" ind1="1" ind2=" ">
    <subfield code="a">Niederbergische Geschichte</subfield>
    <subfield code="v">14</subfield>
  </datafield>
  <datafield tag="830" ind1=" " ind2="0">
    <subfield code="a">Niederbergische Geschichte</subfield>
    <subfield code="w">(DE-600)1230735-X</subfield>
    <subfield code="v">14</subfield>
    <subfield code="9">O:1</subfield>
  </datafield>
  <datafield tag="700" ind1="1" ind2=" ">
    <subfield code="a">Steiling, Winfried</subfield>
    <subfield code="0">(DE-588)1252717474</subfield>
    <subfield code="4">com</subfield>
    <subfield code="4">aut</subfield>
    <subfield code="0">https://d-nb.info/gnd/1252717474</subfield>
    <subfield code="0">http://viaf.org/viaf/7311164661896203390009</subfield>
    <subfield code="B">GND-1252717474</subfield>
  </datafield>
  <datafield tag="700" ind1="1" ind2=" ">
    <subfield code="a">Kieckers, Karl-Heinz</subfield>
    <subfield code="0">(DE-588)1190331837</subfield>
    <subfield code="4">com</subfield>
    <subfield code="4">aut</subfield>
    <subfield code="0">https://d-nb.info/gnd/1190331837</subfield>
    <subfield code="0">http://viaf.org/viaf/1588156317453002350003</subfield>
    <subfield code="B">GND-1190331837</subfield>
  </datafield>
  <datafield tag="700" ind1="1" ind2=" ">
    <subfield code="a">Osmann, Horst-Ulrich</subfield>
    <subfield code="d">1953-</subfield>
    <subfield code="0">(DE-588)143632051</subfield>
    <subfield code="4">com</subfield>
    <subfield code="4">aut</subfield>
    <subfield code="0">https://d-nb.info/gnd/143632051</subfield>
    <subfield code="0">http://viaf.org/viaf/167509086</subfield>
    <subfield code="B">GND-143632051</subfield>
  </datafield>
  <datafield tag="655" ind1=" " ind2="7">
    <subfield code="a">Aufsatzsammlung</subfield>
    <subfield code="0">(DE-588)4143413-4</subfield>
    <subfield code="2">gnd-content</subfield>
  </datafield>
  <datafield tag="035" ind1=" " ind2=" ">
    <subfield code="a">(DE-605)HT030953977</subfield>
  </datafield>
  <datafield tag="035" ind1=" " ind2=" ">
    <subfield code="a">(DE-599)HBZHT030953977</subfield>
  </datafield>
  <datafield tag="MBD" ind1=" " ind2=" ">
    <subfield code="M">49HBZ_NETWORK</subfield>
    <subfield code="i">99375370343606441</subfield>
    <subfield code="n">HBZ Network</subfield>
  </datafield>
  <datafield tag="MBD" ind1=" " ind2=" ">
    <subfield code="M">49HBZ_LBZ</subfield>
    <subfield code="i">991019841590308973</subfield>
    <subfield code="n">Landesbibliothekszentrum RLP (LBZ)</subfield>
  </datafield>
  <datafield tag="MNG" ind1=" " ind2=" ">
    <subfield code="c">System</subfield>
    <subfield code="f">49HBZ_NETWORK</subfield>
    <subfield code="i">marc21</subfield>
    <subfield code="l">69</subfield>
    <subfield code="k">01</subfield>
    <subfield code="e">false</subfield>
    <subfield code="d">2025-02-21 04:09:33 Europe/Berlin</subfield>
    <subfield code="g">99375370343606441</subfield>
    <subfield code="j">60</subfield>
    <subfield code="a">meiden######49HBZ_LBZ</subfield>
    <subfield code="b">2025-02-20 11:39:40 Europe/Berlin</subfield>
  </datafield>
  <datafield tag="H52" ind1="8" ind2=" ">
    <subfield code="b">RLB</subfield>
    <subfield code="c">RLB_INT</subfield>
    <subfield code="h">Z 5865:14</subfield>
    <subfield code="8">22227390440008973</subfield>
  </datafield>
  <datafield tag="HOL" ind1=" " ind2=" ">
    <subfield code="d">2025-02-20 10:44:01</subfield>
    <subfield code="8">22227390440008973</subfield>
    <subfield code="b">2025-02-20 10:37:02</subfield>
    <subfield code="M">49HBZ_LBZ</subfield>
    <subfield code="g">false</subfield>
    <subfield code="a">meiden</subfield>
    <subfield code="c">meiden</subfield>
  </datafield>
  <datafield tag="ITM" ind1=" " ind2=" ">
    <subfield code="H">22227390440008973</subfield>
    <subfield code="x">RLB_INT</subfield>
    <subfield code="f">BOOK</subfield>
    <subfield code="v">RLB_INT</subfield>
    <subfield code="p">S</subfield>
    <subfield code="X">meiden</subfield>
    <subfield code="U">2025-02-20 11:44:29 Europe/Berlin</subfield>
    <subfield code="Y">2025-02-20 11:44:29 Europe/Berlin</subfield>
    <subfield code="M">49HBZ_LBZ</subfield>
    <subfield code="s">1</subfield>
    <subfield code="d">8</subfield>
    <subfield code="V">meiden</subfield>
    <subfield code="b">05727193</subfield>
    <subfield code="a">23227390390008973</subfield>
    <subfield code="c">Z 5865:14</subfield>
    <subfield code="W">2025-02-20 11:44:29 Europe/Berlin</subfield>
    <subfield code="u">RLB</subfield>
    <subfield code="w">RLB</subfield>
  </datafield>
  <datafield tag="GPN" ind1="1" ind2=" ">
    <subfield code="a">Osmann, Horst</subfield>
    <subfield code="d">1953-</subfield>
    <subfield code="A">GND</subfield>
    <subfield code="B">GND-143632051</subfield>
    <subfield code="C">400</subfield>
  </datafield>
  <datafield tag="GSI" ind1="7" ind2=" ">
    <subfield code="a">143632051</subfield>
    <subfield code="0">http://d-nb.info/gnd/143632051</subfield>
    <subfield code="2">gnd</subfield>
    <subfield code="A">GND</subfield>
    <subfield code="B">GND-143632051</subfield>
    <subfield code="C">024</subfield>
  </datafield>
  <datafield tag="GPN" ind1="1" ind2=" ">
    <subfield code="a">Kiekers, Karl-Heinz</subfield>
    <subfield code="A">GND</subfield>
    <subfield code="B">GND-1190331837</subfield>
    <subfield code="C">400</subfield>
  </datafield>
  <datafield tag="GSI" ind1="7" ind2=" ">
    <subfield code="a">http://d-nb.info/gnd/1190331837</subfield>
    <subfield code="2">uri</subfield>
    <subfield code="A">GND</subfield>
    <subfield code="B">GND-1190331837</subfield>
    <subfield code="C">024</subfield>
  </datafield>
  <datafield tag="GSI" ind1="7" ind2=" ">
    <subfield code="a">1252717474</subfield>
    <subfield code="0">http://d-nb.info/gnd/1252717474</subfield>
    <subfield code="2">gnd</subfield>
    <subfield code="A">GND</subfield>
    <subfield code="B">GND-1252717474</subfield>
    <subfield code="C">024</subfield>
  </datafield>
</record>
